@article{myinfo2016,
	title={Anonymous comments. {(September 28, 2016 12:51 PM et seq.)} {B}ruce {S}chneier.  {A}mtrak {S}ecurity {A}wareness},
	year={2016},
	journal={Schneier on Security},
	author={{My Info}},
	volume={2016},
	number={9},
	url={https://www.schneier.com/blog/archives/2016/09/amtrak_security_1.html#c6735169}
}

@article{myinfo2016a,
	title={Anonymous comments.  {(November 6, 2016 6:39 PM et seq.)} {B}ruce {S}chneier.  {F}riday Squid Blogging: Whale Hunts Squid},
	year={2016},
	journal={Schneier on Security},
	author={{My Info}},
	volume={2016},
	number={11},
	url={https://www.schneier.com/blog/archives/2016/11/friday_squid_bl_551.html#c6737756}
}

@article{annorlunda2016,
	title = {Is the {P} vs. {NP} question formally independent?},
	author = {Annorlunda},
	journal = {Mathematics Stack Exchange},
	year={posted November 7, 2016},
	url = {http://math.stackexchange.com/q/2003938}
}

@article{baker1975relativizations,
  title={Relativizations of the \mbox{$\mathscr{P}=?\mathscr{NP}$} question},
  author={Baker, Theodore and Gill, John and Solovay, Robert},
  journal={SIAM Journal on computing},
  volume={4},
  number={4},
  pages={431--442},
  year={1975},
  publisher={SIAM},
  url={http://epubs.siam.org/doi/abs/10.1137/0204037}
}

@article{hartmanis1976independence,
	title={Independence results in computer science},
	author={Hartmanis, Juris and Hopcroft, John E.},
	journal={ACM SIGACT News},
	volume={8},
	number={4},
	pages={13--24},
	year={1976},
	publisher={ACM},
	url={http://dl.acm.org/citation.cfm?id=1008336}	
}

@techreport{tr-76-296,
	title={Independence results in computer science},
	author={Hartmanis, Juris and Hopcroft, John E.},
	number={TR~76-296},
	year={1976},
	institution={Department of Computer Science, Cornell University, Ithaca, New York},
	url={http://oai.dtic.mil/oai/oai?verb=getRecord&metadataPrefix=html&identifier=ADA040710},
	note={PDF URL \url{http://www.dtic.mil/cgi-bin/GetTRDoc?Location=U2&doc=GetTRDoc.pdf&AD=ADA040710}}
}

@inproceedings{cook1971complexity,
	title={The complexity of theorem-proving procedures},
	author={Cook, Stephen A.},
	booktitle={STOC '71 Proceedings of the third annual ACM symposium on Theory of computing},
	pages={151--158},
	year={1971},
	organization={ACM},
	url={http://dl.acm.org/citation.cfm?id=805047}
}

@misc{aaronson-zoo,
	author={Scott Aaronson},
	title={Complexity Zoo},
	url={https://complexityzoo.uwaterloo.ca/Complexity_Zoo}
}

@article{spielman2001adv,
	author={Dan Spielman},
	journal={Lecture notes. Advanced complexity theory},
	title={Relativization, the {B}aker--{G}ill--{S}olovay theorem},
	volume={{F}all 2001~},
	number={6},
	year={February 27, 2001},
	url={https://ocw.mit.edu/courses/mathematics/18-405j-advanced-complexity-theory-fall-2001/lecture-notes/},
	note={PDF URL \url{https://ocw.mit.edu/courses/mathematics/18-405j-advanced-complexity-theory-fall-2001/lecture-notes/01lec6.pdf}},
	organization={MIT Open Courseware, Massachusetts Institute of Technology}
}

@article{feigenbaum2010bgs,
	author={Joan Feigenbaum},
	journal={Lecture notes. Computational complexity},
	number={5},
	title={The {B}aker--{G}ill--{S}olovay theorem},
	volume={{F}all 2010~},
	year={September 16, 2010},
	url={http://zoo.cs.yale.edu/classes/cs468/fall10/},
	note={PDF URL \url{http://zoo.cs.yale.edu/classes/cs468/fall10/BGS.pdf}},
	organization={Department of Computer Science, Yale University},
}

@article{holenstein2010complex,
	author={Thomas Holenstein},
	journal={Lecture notes. Complexity Theory},
	number={6},
	title={Oracles and relativization},
	volume={{F}all 2010~},
	year={December 23, 2010},
	url={http://www.complexity.ethz.ch/education/Lectures/ComplexityHS10/},
	note={PDF URL \url{http://www.complexity.ethz.ch/education/Lectures/ComplexityHS10/ScriptChapter6}}
}

@article{moshkovitz2012rel,
	author={Dana Moshkovitz},
	editor={Di Liu},
	journal={Lecture notes. Advanced complexity theory},
	number={2},
	title={Relativization},
	volume={{F}all 2012~},
	year={September 11, 2012},
	url={https://people.csail.mit.edu/dmoshkov/courses/adv-comp/},
	note={PDF URL \url{https://people.csail.mit.edu/dmoshkov/courses/adv-comp/scribe2.pdf}}
}

@incollection{karp1972reducibility,
	title={Reducibility among combinatorial problems},
	author={Karp, Richard M.},
	booktitle={Complexity of computer computations},
	pages={85--103},
	year={1972},
	publisher={Springer},
	url={http://link.springer.com/chapter/10.1007/978-1-4684-2001-2_9}
}

@article{levin1973universal,
	title={\foreignlanguage{russian}{(Л. А. Левин.) Универсальные задачи перебора}},
	author={Levin, Leonid A. },
	journal={\foreignlanguage{russian}{Проблемы передачи информации}},
	volume={9},
	number={3},
	pages={115--116},
	year={1973},
	publisher={Russian Academy of Sciences, Branch of Informatics, Computer Equipment and Automatization},
	language={Russian},
	url={http://www.mathnet.ru/php/archive.phtml?wshow=paper&jrnid=ppi&paperid=914&option_lang=rus}
}

@book{lutherliber,
	title={Liber de servo arbitrio},
	author={Luther, Martin and Schmidt, Sebastian},
	publisher={Christoph},
	year={1664},
	note={Google Books URL \url{https://books.google.com/books?id=ycYAAAAAcAAJ}}
}

@incollection{sep-goedel-incompleteness,
	author={Raatikainen, Panu},
	title={G{\"o}del's Incompleteness Theorems},
	booktitle={The Stanford Encyclopedia of Philosophy},
	editor={Edward N. Zalta},
	url={http://plato.stanford.edu/archives/spr2015/entries/goedel-incompleteness/},
	year={2015},
	edition={Spring 2015}
}
@InCollection{sep-quine-nf,
	author       =	{Forster, Thomas},
	title        =	{{Quine's New Foundations}},
	booktitle    =	{The Stanford Encyclopedia of Philosophy},
	editor       =	{Edward N. Zalta},
	url={https://plato.stanford.edu/archives/fall2014/entries/quine-nf/},
	year         =	{2014},
	edition      =	{Fall 2014},
	publisher    =	{Metaphysics Research Lab, Stanford University}
}

@incollection{sep-goedel-incompleteness-sup2,
	author={Panu Raatikainen},
	title={Supplement to {G}{\"o}del's Incompleteness Theorems: Supplement: The Diagonalization Lemma},
	booktitle={The Stanford Encyclopedia of Philosophy},
	editor={Edward N. Zalta},
	url={http://plato.stanford.edu/archives/spr2015/entries/goedel-incompleteness/sup2.html},
	year={2015},
	edition={Spring 2015}
}

@article{lindstrom2006note,
	title={Note on some fixed point constructions in Provability logic},
	author={Lindstr{\"o}m, Per},
	journal={Journal of philosophical logic},
	volume={35},
	number={3},
	pages={225--230},
	year={2006},
	publisher={Springer},
	url={http://link.springer.com/article/10.1007/s10992-005-9013-8}
}

@article{spector2016ans,
	title={Answer to question: Is the {P} vs. {NP} question formally independent?},
	author={Mitchell Spector},
	journal={Mathematics Stack Exchange},
	year={posted November 7, 2016},
	url={http://math.stackexchange.com/q/2003938}
}

@article{nelson2015inc,
	author={Edward Nelson},
	title={Inconsistency of Primitive Recursive Arithmetic},
	year={September 30, 2015},
	url={https://arxiv.org/abs/1509.09209}
}

@article{gentzen1936,
	author={Gentzen, Gerhard},
	doi={10.1007/BF01565428},
	issn={1432-1807},
	journal={\foreignlanguage{german}{Mathematische Annalen}},
	number={1},
	pages={493--565},
	title={\foreignlanguage{german}{Die Widerspruchsfreiheit der reinen Zahlentheorie}},
	language={german},
	url={http://link.springer.com/article/10.1007/BF01565428},
	volume={112},
	year={1936}
}

@book{takeuti2013proof,
	title={Proof theory},
	author={Takeuti, Gaisi},
	year={2013},
	publisher={Courier Corporation (Dover)},
	edition={2nd},
	isbn={978-0486490731},
	url={http://store.doverpublications.com/0486490734.html},
	note={Reprint of the North-Holland, Amsterdam, 1987 second revised edition}
}

@article{aaronsonp,
	title={Is {P} Versus {NP} Formally Independent?},
	author={Scott Aaronson},
	year={2003},
	url={http://scottaaronson.com/papers/pnp.pdf}
}

@article{kelly2014ed,
	author={Morgan Kelly},
	title={{E}dward {N}elson, nonconformist who sparked a quantum field theory revolution, dies at 82},
	journal={News at Princeton},
	year={September 19, 2014},
	url={https://www.princeton.edu/main/news/archive/S41/11/36I14/index.xml?section=topstories}
}

@article{lob1955solution,
	title={Solution of a problem of {L}eon {H}enkin},
	author={L{\"o}b, Martin Hugo},
	journal={The Journal of Symbolic Logic},
	volume={20},
	number={02},
	pages={115--118},
	year={1955},
	publisher={Cambridge University Press},
	url={https://www.cambridge.org/core/journals/journal-of-symbolic-logic/article/solution-of-a-problem-of-leon-henkin1/3A115E94049C3221D4047ED4C340BDAA}
}

@article{razborov1997natural,
	title={Natural proofs},
	author={Razborov, Alexander A. and Rudich, Steven},
	journal={Journal of Computer and System Sciences},
	volume={55},
	number={1},
	pages={24--35},
	year={1997},
	publisher={Elsevier},
	url={http://www.sciencedirect.com/science/article/pii/S002200009791494X}
}

@article{kehoe2007prize,
	title={{R}udich and {R}azborov awarded {G}{\"o}del {P}rize},
	author={Elaine Kehoe},
	journal={Notices of the AMS},
	volume={54},
	number={8},
	pages={1004},
	year={2007},
	publisher={AMS},
	url={http://www.ams.org/notices/200708/tx070801004p.pdf}
}

@inproceedings{cook2000p,
	title={The P versus NP problem},
	author={Cook, Stephen},
	booktitle={Clay Mathematical Institute; The Millennium Prize Problem},
	year={2000},
	organization={Citeseer},
	url={http://www.claymath.org/sites/default/files/pvsnp.pdf}
}

@inbook{meurant2014algorithms,
	title={Algorithms and complexity},
	author={Meurant, Gerard},
	year={2014},
	publisher={Elsevier},
	pages={95--98},
	note={Google Books URL \url{https://books.google.com/books?id=6WriBQAAQBAJ&pg=PA95}}
}

@article{robinson1949definability,
	title={Definability and decision problems in arithmetic},
	author={Robinson, Julia},
	journal={The Journal of Symbolic Logic},
	volume={14},
	number={02},
	pages={98--114},
	year={1949},
	publisher={Cambridge University Press},
	url={https://www.cambridge.org/core/journals/journal-of-symbolic-logic/article/definability-and-decision-problems-in-arithmetic/5D9B27F5D8F8B57461D666154E3889DE}
}

@book{skolem1923begrundung,
	title={Begr{\"u}ndung der elementaren {A}rithmetik durch die rekurrierende {D}enkweise ohne {A}nwendung scheinbarer {V}er{\"a}nderlichen mit unendlichem {A}usdehnungsbereich},
	author={Skolem, Thoralf},
	year={1923},
	publisher={Dybusach},
	note={Google Books URL \url{https://books.google.com/books?id=NE84pwAACAAJ}}
}

@article{kleene1936,
	author = {Kleene, S. C.},
	doi = {10.1007/BF01565439},
	issn = {1432-1807},
	journal = {Mathematische Annalen},
	number = {1},
	pages = {727--742},
	title = {General recursive functions of natural numbers},
	url={http://link.springer.com/article/10.1007/BF01565439},
	volume = {112},
	year = {1936}
}

@article{robinson1950general,
	title={General recursive functions},
	author={Robinson, Julia},
	journal={Proceedings of the American Mathematical Society},
	volume={1},
	number={6},
	pages={703--718},
	year={1950},
	url={http://www.ams.org/journals/proc/1950-001-06/S0002-9939-1950-0038912-1/}
}

@book{franzen2003,
	title={Inexhaustibility: A non-exhaustive treatment},
	url={https://www.crcpress.com/Godels-Theorem-An-Incomplete-Guide-to-Its-Use-and-Abuse/Franzen/p/book/9781568812380},
	author={Torkel Franz{\'e}n},
	publisher={CRC Press},
	year={2003},
	isbn={978-1568811758}
}

@incollection{franzen2005,
	author={Torkel Franz{\'e}n},
	title={G{\"o}del's theorem: An incomplete guide to its use and abuse},
	publisher={Association for Symbolic Logic: A~K Peters, Ltd., CRC Press},
	year={2005},
	booktitle={Lecture notes in logic},
	volume={16},
	isbn={9781568811741},
	url={https://www.crcpress.com/Inexhaustibility-A-Non-Exhaustive-Treatment-Lecture-Notes-in-Logic-16/Franzen/p/book/9781568811741}
}

@misc{wiki2016cabal,
	author={Wikipedia},
	title={Cabal (set theory)},
	url={https://en.wikipedia.org/w/index.php?title=Cabal_(set_theory)&oldid=745764743},
	year={2016},
	note={Retrieved November 17, 2016}
}

@misc{neeman2016,
	author={Itay Neeman},
	title={{Caltech--UCLA Logic Seminar (Aka Cabal Seminar)}},
	url={http://www.math.ucla.edu/~ineeman/cabal-seminar.php},
	note={Retrieved November 24, 2016}
}

@misc{coq2016,
	title={The {C}oq proof assistant},
	url={https://coq.inria.fr/},
	note={Retrieved November 17, 2016}
}

@inbook{cook2009nelson,
	author = {Mariana Cook},
	title = {Mathematicians: An outer view of the inner world},
	date = {2009},
	pages = {12--13},
	publisher={Princeton University Press},
	year={2009},
	isbn={978-0691139517},
	url={http://press.princeton.edu/titles/8860.html},
	note={Google Books URL \url{https://books.google.com/books?id=urNWe5VQkcgC&pg=PA12}}
}

@book{larsson2005,
	author={Stieg Larsson},
	title={M{\"a}n som hatar kvinnor},
	publisher={Norstedts},
	year={2005},
	url={http://www.norstedts.se/bocker/utgiven/2005/Host/larsson_stieg-man_som_hatar_kvinnor-inbunden/}
}

@book{larsson2006,
	author={Stieg Larsson},
	title={Flickan som lekte med elden},
	publisher={Norstedts},
	year={2006},
	url={http://www.norstedts.se/bocker/utgiven/2006/Sommar/larsson_stieg-flickan_som_lekte_med_elden-inbunden/}
}

@book{larsson2007,
	author={Stieg Larsson},
	title={Luftslottet som spr{\"a}ngdes},
	publisher={Norstedts},
	year={2007},
	url={http://www.norstedts.se/bocker/utgiven/2007/Sommar/larsson_stieg-luftslottet_som_sprangdes-inbunden/}
}

@misc{sapo,
	key={Sweden},
	title={S{\"a}kerhetspolisen},
	url={http://www.sakerhetspolisen.se/}
}

@book{urantia-kirja,
	key={Urantia\textsuperscript\textregistered},
	title={Urantia-kirja},
	url={http://www.urantia.org/fi/urantia-kirja/lue},
	publisher={Urantia-s{\"a}{\"a}ti{\"o} URL \url{http://saatio.urantia.fi/}},
	note={Retrieved November 19, 2016.  In Finnish.  \foreignlanguage{finnish}{K{\"a}sket{\"a}{\"a}nk{\"o} lukea jo URL:iss{\"a}?  {\"A}lk{\"a}{\"a} un'ohtako vanhempien k{\"a}sky{\"a}!  {\"A}lk{\"a}{\"a} lukeko t{\"a}t{\"a} kirjaa pyh{\"a}ksi raamatuksi!}}
}

@incollection{hagglund1994religious,
	editor = {L. Bryce Boyer and Ruth M. Boyer and Howard F. Stein},
	booktitle = {The Psychoanalytic Study of Society: Essays in Honor of George A.\ De Vos},
	volume={19},
	chapter={9},
	title={Religious protest movement in northern {F}inland: A psychological study on {L}aestadianism},
	author={Tor-Bj{\"o}rn H{\"a}gglund},
	year={1994},
	pages={260},
	publisher={The Analytic Press, 365 Broadway, Hillsdale, New Jersey  07642},
	isbn={0-88163-183-3},
	note={ISSN 0079-7294. Google Books URL
		\url{https://books.google.com/books?id=PCMAo79As50C&pg=PA260}}
}

@misc{google2016akateeminen,
	author={{Google Search}}, title={\texttt{"\foreignlanguage{finnish}{Akateeminen Kustannusliike Oy}"}},
	year={2016},
	url={https://www.google.com/search?q=%22Akateeminen+Kustannusliike+Oy%22&ie=utf-8&oe=utf-8},
	note={Retrieved November 19, 2016.  \foreignlanguage{finnish}{Akateeminen Kustannusliike Oy, Arkadiankatu 12, 00100 Helsinki, Finland.  +358~9~4342320. URL \url{http://www.spes.fi/}}}
}

@article{north2002hippocratic,
	author={Michael North},
	title={Greek medicine: The {H}ippocratic Oath, translation},
	journal={National Library of Medicine},
	year={2002},
	url={https://www.nlm.nih.gov/hmd/greek/greek_oath.html}
}

@article{rcw-58.17.060,
	key={RCW 58.17.060},
	title={{Short plats and short subdivisions---Summary approval---Regulations---Requirements}},
	url={http://apps.leg.wa.gov/rcw/default.aspx?cite=58.17.060},
	journal={Revised Code of Washington},
	year={2016},
	volume={58.17.060}
}

@incollection{williams2016revised,
	url={http://www.josephsmithpapers.org/paper-summary/revised-plat-of-the-city-of-zion-circa-early-august-1833/1},
	title={{Revised Plat of the City of Zion, circa Early August 1833}},
	author={Frederick G. Williams},
	booktitle={The Joseph Smith Papers},
	publisher={Intellectual Reserve, Inc.},
	year={2016},
	note={Retrieved December 1, 2016}
}

@article{rcw-10.77,
	key={RCW~10.77},
	title={{CRIMINALLY INSANE---PROCEDURES}},
	journal={Revised Code of Washington},
	volume={10.77.093},
	url={http://app.leg.wa.gov/rcw/default.aspx?cite=10.77.093},
	year={2016}
}

@article{rcw-71,
	key={RCW~71},
	title={{MENTAL ILLNESS}},
	journal={Revised Code of Washington},
	volume={71},
	url={http://app.leg.wa.gov/RCW/default.aspx?cite=71},
	year={2016}
}

@article{rcw-72.06,
	key={RCW~72.06},
	title={{MENTAL HEALTH}},
	journal={Revised Code of Washington},
	volume={72.06},
	url={http://app.leg.wa.gov/RCW/default.aspx?cite=72.06&full=true},
	year={2016}
}

@article{rcw-72.23,
	key={RCW~72.23},
	title={{PUBLIC AND PRIVATE FACILITIES FOR MENTALLY ILL}},
	journal={Revised Code of Washington},
	volume={72.23},
	url={http://app.leg.wa.gov/RCW/default.aspx?cite=72.23},
	year={2016}
}

@article{rcw-72.27,
	key={RCW~72.27},
	title={{INTERSTATE COMPACT ON MENTAL HEALTH}},
	journal={Revised Code of Washington},
	volume={72.27},
	url={http://app.leg.wa.gov/RCW/default.aspx?cite=72.27},
	year={2016}
}

@article{rcw-72.25,
	key={RCW~72.25},
	title={{NONRESIDENT MENTALLY ILL, SEXUAL PSYCHOPATHS, AND PSYCHOPATHICDELINQUENTS[sic]---DEPORTATION, TRANSPORTATION}},
	journal={Revised Code of Washington},
	volume={72.25},
	year={2016},
	url={http://app.leg.wa.gov/RCW/default.aspx?cite=72.25&full=true}
}

@article{rcw-72.29,
	key={RCW~72.29},
	title={{MULTI-USE FACILITIES FOR THE MENTALLY OR PHYSICALLY HANDICAPPED OR THE MENTALLY ILL}},
	journal={Revised Code of Washington},
	volume={72.29},
	year={2016},
	url={http://app.leg.wa.gov/RCW/default.aspx?cite=72.29&full=true}
}

@article{rcw-37.12.010.4,
	key={RCW~37.12.010(4)},
	title={{INDIANS AND INDIAN LANDS---JURISDICTION: Assumption of criminal and civil jurisdiction by state: Mental illness}},
	journal={Revised Code of Washington},
	volume={37.12.010},
	number={4},
	year={2016},
	url={http://app.leg.wa.gov/RCW/default.aspx?cite=37.12.010}
}

@article{rcw-9.41.040,
	key={RCW~9.41.040},
	title={Unlawful possession of firearms---Ownership, possession by certain persons---Restoration of right to possess---Penalties},
	jounal={Revised Code of Washington},
	volume={9.41.040},
	year={2016},
	url={http://app.leg.wa.gov/RCW/default.aspx?cite=9.41.040}
}

@article{18usc922,
	key={USC~Title 18,~\S922},
	url={https://www.gpo.gov/fdsys/pkg/USCODE-2015-title18/html/USCODE-2015-title18-partI-chap44-sec922.htm},
	title={{Title 18 - CRIMES AND CRIMINAL PROCEDURE.
	PART I - CRIMES.
	CHAPTER 44 - FIREARMS.
	Sec. 922 - Unlawful acts}},
	journal={United States Code},
	year={2015}
}

@article{wac-388-865-0585,
	key={WAC~388-865-0585},
	url={http://apps.leg.wa.gov/wac/default.aspx?cite=388-865-0585},
	title={Petition for the right to possess a firearm},
	journal={Washington Administrative Code},
	volume={388-865-0585},
	year={2004},
	note={Retrieved November 19, 2016}
}

@article{osullivan2016western,
	author={Joseph O'Sullivan},
	title={Western {S}tate {H}ospital {CEO} ordered to jail for keeping dementia patient on waitlist},
	year={June 10, 2016},
	journal={The Seattle Times},
	url={http://www.seattletimes.com/seattle-news/health/court-orders-new-western-state-hospital-ceo-to-jail-over-failure-to-admit-patient/},
	note={Updated June 11, 2016. Retrieved November 28, 2016}
}

@misc{found,
	key={America's Founding Documents}, title={\textit{National Archives}},
	url={https://www.archives.gov/founding-docs},
	note={Retrieved November 30, 2016}
}

@book{rixon2015spe,
	url={http://www.rrlawpc.com/RCAB7S126/assets/files/News/CJR%20-%20Single%20Purpose%20Entity2.pdf},
	title={Single purpose entity: What is it and why does this transaction need one?},
	author={Christopher J. Rixon},
	year={March 15, 2015},
	publisher={Reid and Riege, P.C., One Financial Plaza, Hartford, CT 06103},
	note={Retrieved November 22, 2016}
}

@misc{cpptry,
	url={http://en.cppreference.com/w/cpp/language/try_catch},
	title={C++: C++ language: Exceptions: {t}ry-block},
	author={{\texttt{cppreference.com}}},
	year={2016},
	note={Retrieved November 23, 2016}
}

@misc{cpptemplate,
	url={http://en.cppreference.com/w/cpp/language/templates},
	title={C++: C++ language: Templates},
	author={{\texttt{cppreference.com}}},
	year={2016},
	note={Retrieved November 28, 2016}
}

@article{bigfoot1969,
	author={{Skamania County Commissioners}},
	journal={Ordinances and county code, Skamania County, Washington},
	title={{Big Foot (Sasquatch) ordinance}},
	year={1969},
	volume={1969},
	number={1},
	url={http://www.skamaniacounty.org/commissioners/homepage/ordinances-2/},
	note={PDF URL \url{http://www.skamaniacounty.org/ordinance/Bigfoot%20Ordinance%2069-01.pdf}.  Retrieved November 24, 2016}
}

@article{bigfoot1984,
	author={{Skamania County Commissioners}},
	journal={Ordinances and county code, Skamania County, Washington},
	title={{Big Foot (Sasquatch) ordinance}},
	year={1984},
	volume={1984},
	number={2},
	url={http://www.skamaniacounty.org/commissioners/homepage/ordinances-2/},
	note={PDF URL \url{http://www.skamaniacounty.org/ordinance/Ord_1984-2.pdf}.  Retrieved November 24, 2016}
}

@techreport{hoffman1998mailto,
	title={The mailto {URL} scheme},
	author={Hoffman, P. and Masinter, Larry and Zawinski, Jamie},
	year={1998},
	number={RFC~2368},
	institution={Network Working Group, Internet Engineering Task Force},
	note={Plain text URL \url{https://www.ietf.org/rfc/rfc2368.txt}}
}

@misc{wiki2009kullbacks,
	author = {Wikipedia},
	title = {Kullback's inequality},
	year = {2009},
	url = {https://en.wikipedia.org/w/index.php?title=Kullback%27s_inequality&direction=prev&oldid=331004546},
	note={Retrieved November 25, 2016}
}

@misc{eielson-afb,
	key={Eielson AFB},
	url={http://www.eielson.af.mil/}
}

@article{cramer1946,
	author={Harald Cram{\'e}r},
	title={A contribution to the theory of statistical estimation},
	journal={Scandinavian Actuarial Journal},
	pages={85--94},
	volume={1946},
	number={1},
	year={1946},
	url={http://www.tandfonline.com/doi/abs/10.1080/03461238.1946.10419631}
}

@article {rao1945,
	author={Radhakrishna Rao, C.},
	title={Information and the accuracy attainable in the estimation of statistical parameters},
	journal={Bulletin of the Calcutta Mathematical Society},
	volume={37},
	year={1945},
	pages={81--91},
	issn={0008-0659},
	url={http://bulletin.calmathsoc.org/article.php?ID=B.1945.37.14}
}

@misc{kabbalah,
	url={https://www.kabbalah.com/},
	key={Kabbalah Centre\texttrademark},
	note={Retrieved November 25, 2016}
}

@article{ceasar2015,
	author={Stephen Ceasar},
	url={http://www.latimes.com/local/lanow/la-me-ln-kabbalah-centre-lawsuit-20151124-story.html},
	title={{Jury orders Kabbalah Centre and former director to pay \$177,500 in sexual assault lawsuit}},
	journal={Los Angeles Times},
	year={November 24, 2015}
}

@misc{webq,
	key={Web of Qabalah},
	url={http://www.webofqabalah.com/},
	note={Retrieved November 26, 2016}
}

@misc{over40,
	author={{Bnei Baruch Kabbalah Education and Research Institute}}, title={{The wisdom of Kabbalah: Permission to Practice Kabbalah}},
	url={http://www.kabbalah.info/eng/content/view/frame/4279?/eng/content/view/full/4279&main},
	note={Retrieved November 26, 2016}
}

@article{frost2015kabbalah,
	author={Caroline Frost},
	journal={Huffington Post UK},
	title={Kabbalah For Everyone, Not Just {M}adonna And Other Celebrities, Says Leading {L}ondon Teacher Of Ancient Discipline},
	year={June 3, 2015},
	url={http://www.huffingtonpost.co.uk/2015/06/03/kabbalah-madonna-discipline-fad_n_7500430.html}
}

@article{fowler2006codesmell,
	author={Martin Fowler},
	title={{CodeSmell}},
	journal={{\texttt{MartinFowler.com}}},
	year={February 9, 2006},
	url={http://martinfowler.com/bliki/CodeSmell.html},
	note={Retrieved November 26, 2016}
}

@article{sourcemakingdup,
	title={Duplicate code: Signs and symptoms}, author={{\texttt{SourceMaking.com}}},
	url={https://sourcemaking.com/refactoring/smells/duplicate-code},
	note={Retrieved November 26, 2016},
	year={2007--2016}
}

@article{sourcemakingbloat,
	title={Bloaters},
	author={{\texttt{SourceMaking.com}}},
	url={https://sourcemaking.com/refactoring/smells/bloaters},
	note={Retrieved November 26, 2016},
	year={2007--2016}
}

@article{sourcemakingchangepreventers,
	title={Change preventers},
	author={{\texttt{SourceMaking.com}}},
	url={https://sourcemaking.com/refactoring/smells/change-preventers},
	note={Retrieved November 26, 2016},
	year={2007--2016}
}

@article{sourcemakingcouplers,
	title={Couplers},
	author={{\texttt{SourceMaking.com}}},
	url={https://sourcemaking.com/refactoring/smells/couplers},
	note={Retrieved November 26, 2016},
	year={2007--2016}	
}

@misc{susanna,
	url={http://www.sacred-texts.com/bib/apo/sus001.htm},
	key={Apocrypha},
	title={Susanna},
	note={Retrieved November 26, 2016}
}

@article{haowang1957,
	ISSN={00224812},
	note={Archive URL \url{http://www.jstor.org/stable/2964176}},
	author={{Hao Wang}},
	journal={The Journal of Symbolic Logic},
	number={2},
	pages={145-158},
	publisher={Association for Symbolic Logic},
	title={The Axiomatization of Arithmetic},
	volume={22},
	year={1957}
}

@misc{catholicpsych,
	url={http://catholicpsych.com/},
	key={CatholicPsych Institute},
	note={Retrieved November 29, 2016}
}

@book{kugelmann2011,
	url={http://www.cambridge.org/us/academic/subjects/psychology/history-psychology/psychology-and-catholicism-contested-boundaries?format=HB&isbn=9781107006089},
	title={Psychology and {C}atholicism: Contested Boundaries},
	author={Robert Kugelmann},
	publisher={Cambridge University Press},
	year={2011},
	isbn={9781107006089}
}

@misc{numdam,
	key={NUMDAM},
	title={\foreignlanguage{french}{Num{\'e}risation de documents anciens math{\'e}matiques: Recherche et t{\'e}l{\'e}chargement d'archives de revues math{\'e}matiques}},
	url={http://numdam.org/?lang=fr}
}

@article{fuchs1970inegalite,
	title={L'in{\'e}galit{\'e} de {K}ullback. {A}pplication {\`a} la th{\'e}orie de l'estimation},
	author={Aim{\'e} Fuchs and Giorgio Letta},
	journal={\foreignlanguage{french}{S{\'e}minaire de Probabilit{\'e}s de Strasbourg}},
	volume={4},
	year={1970},
	url={http://numdam.org/numdam-bin/fitem?id=SPS_1970__4__108_0},
	pages={108--131},
	language={french},
	note={PDF URL \url{http://archive.numdam.org/article/SPS_1970__4__108_0.pdf} Retrieved December 1, 2016.  Discrepancies noted.}
}
	
@book{laestadius1988voice,
	author={L. L. Laestadius},
	title={The Voice of One Crying in the Wilderness: A Periodical Published in the Years 1852-1854},
	publisher={Old Apostolic Lutheran Church of America},
	year={1988},
	note={Amazon URL \url{https://www.amazon.com/Crying-Wilderness-Periodical-Published-1852-1854/dp/B008OO19Y0}. AbeBooks URL \url{https://www.abebooks.com/Voice-Crying-Wilderness-Laestadius-L.L-L.L/14382091828/bd}}
}

@misc{haarp,
	url={http://www.haarp.alaska.edu/},
	key={HAARP},
	title={{High Frequency Active Auroral Research Project}},
	note={Retrieved December 1, 2016}
}

@misc{haarp.net,
	url={http://www.haarp.net/},
	author={Nick Begich and Jeane Manning},
	title={{HAARP.net - The Military's Pandora's Box}},
	note={Retrieved December 1, 2016}
}

@article{burks2010haarp,
	url={http://www.globalresearch.ca/haarp-secret-weapon-used-for-weather-modification-electromagnetic-warfare/20407},
	note={Retrieved December 1, 2016},
	title={{HAARP}: Secret Weapon Used For Weather Modification, Electromagnetic Warfare},
	author={Fred Burks},
	year={August 1, 2010},
	journal={GlobalResearch, Centre for Research on Globalization}
}

@article{want2016haarp,
	title={{HAARP: Weather Control.
	Is the HAARP Project a Weather Control Weapon?}},
	url={http://www.wanttoknow.info/war/haarp_weather_modification_electromagnetic_warfare_weapons},
	note={Retrieved December 1, 2016},
	year={2016},
	author={{\texttt{WANTTOKNOW.INFO}}}
}

@misc{googlemaps2016battle,
	url={https://www.google.com/maps/place/45%C2%B047'55.9%22N+122%C2%B032'54.5%22W/@45.798859,-122.5490152,132m/data=!3m2!1e3!4b1!4m5!3m4!1s0x0:0x0!8m2!3d45.798859!4d-122.548468},
	title={{Location $45^{\circ}47'55.9''$N $122^{\circ}32'54.5''$W}},
	author={{Google Maps}},
	year={2016},
	note={Retrieved December 2, 2016}
}

@book{smith1998haarp,
	title={HAARP: The Ultimate Weapon of the Conspiracy},
	author={Jerry E. Smith},
	isbn={0-932813-53-4},
	year={1998},
	publisher={Adventures Unlimited Press, One Adventure Place, Kempton, Illinois 60946},
	url={http://www.adventuresunlimitedpress.com/proddetail.php?prod=HARP}
}

@book{begich2002angels,
	title={Angels Don't Play this {HAARP}: Advances in {T}esla Technology},
	author={Nicholas J. Begich and Jeane Manning},
	isbn={0-9648812-0-9},
	year={2002},
	edition={2nd},
	url={http://www.earthpulse.com/src/product.asp?productid=5},
	publisher={Earthpulse Press, 16419 Marcus St, Eagle River, AK 99577}
}

@book{freeland2014chemtrails,
	title={Chemtrails, {HAARP}, and the Full Spectrum Dominance of {P}lanet {E}arth},
	author={Elana Freeland},
	publisher={Feral House, 1240 W Sims Way, Suite 124, Port Townsend, WA 98368},
	url={http://feralhouse.com/chemtrails/},
	year={2014},
}

@book{hymns,
	author={{O.A.L.C.}},
	url={http://www.worldcat.org/title/selected-hymns-and-altar-services-in-english-and-finnish-languages/oclc/248009191},
	title={Selected hymns and altar services: in English and Finnish languages},
	publisher={unidentified},
	year={1900---?}
}

@article{key1814star,
	url={http://www.loc.gov/exhibits/treasures/trm065.html},
	author={Francis Scott Key},
	year={1814},
	journal={American Treasures of the Library of Congress},
	title={{The Star-Spangled Banner}},
	note={... and they call it a drinking song}
}

@misc{orcl2016,
	author={Oracle},
	title={Integrated cloud applications and platform services},
	url={https://www.oracle.com/index.html},
	note={Retrieved December 14, 2016}
}

@misc{postgresql2016,
	author={PostgreSQL},
	title={The world's most advanced open source database},
	url={https://www.postgresql.org/},
	note={Retrieved December 14, 2016}
}

@misc{mariadb2016,
	author={{MariaDB\textsuperscript{\textregistered} Foundation}},
	title={Ensuring continuity and open collaboration in the {MariaDB} ecosystem},
	url={https://mariadb.org/}
}

@misc{page2016alphabet,
	author={Larry Page},
	title={{[G] is for Google: As Sergey and I wrote in the original founders letter 11 years ago, ``Google is not a conventional company. We do not intend to become one.''  {\color{red}more}}},
	url={https://abc.xyz/},
	note={Retrieved December 14, 2016}	
}

@misc{amazon2016,
	author={Amazon},
	title={Investor Relations: {IR} home},
	url={http://phx.corporate-ir.net/phoenix.zhtml?c=97664&p=irol-irhome},
	note={Retrieved December 14, 2016}
}

@misc{facebook2016,
	author={Facebook},
	title={{{[f]} Investor Relations}},
	url={https://investor.fb.com/home/default.aspx},
	note={Retrieved December 14, 2016}
}

@incollection{lollardy12,
	author={Lollardy},
	title={{The Twelve Conclusions of the Lollards}},
	booktitle={The Geoffrey Chaucer Page},
	url={http://sites.fas.harvard.edu/~chaucer/special/varia/lollards/lollconc.htm},
	publisher={Harvard University Shared Hosting},
	note={Translated from ``The Twelve Conclusions of the Lollards,'' \textit{English Historical Review}, 22 (1907), 292--304 [Widener Br 5.1].  Retrieved December 16, 2016}	
}

@book{crawford1888kalevala,
	author={Elias L{\"o}nnrot},
	title={The {K}alevala},
	year={1888},
	url={http://www.sacred-texts.com/neu/kveng/},
	note={English translation of the Finnish of Elias L{\"o}nnrot.  Online transcript.  Retrieved December 18, 2016}
}

@book{lonnrot1849kalevala,
	author={Elias L{\"o}nnrot},
	title={Kalevala},
	year={1849},
	publisher={\foreignlanguage{finnish}{Suomalainen Kirjallisuuden Seura}},
	url={http://neba.finlit.fi/kalevala/},
	note={In Finnish.  Online transcript.  Retrieved December 18, 2016}
}

@book{huss1915church,
	author={John Huss},
	title={De ecclesia: The Church},
	year={1915},
	publisher={Charles Scribner's Sons, New York},
	note={Translated by David S.\ Schaff.  Facsimile copy PDF URL \url{http://lollardsociety.org/pdfs/Hus_De_Ecclesia.pdf}.  Retrieved December 22, 2016}
}

@incollection{bayle1820,
	author={Pierre Bayle},
	title={\foreignlanguage{french}{Franc, {M}artin}},
	booktitle={\foreignlanguage{french}{Dictionnaire historique et critique}},
	volume={6},
	publisher={\foreignlanguage{french}{Desoer, Libraire, Rue Christine, Paris}},
	year={1820},
	pages={538--539},
	note={In French.  Google Books URL \url{https://books.google.com/books?id=7OYOAAAAQAAJ&pg=PA538}}
}

@book{bell1977,
	author={John Lane Bell},
	title={Boolean-valued models and independence proofs in set theory},
	publisher={Oxford University Press},
	year={1977}
}

@article{moura2010,
	author={Lucia Moura},
	journal={Lecture notes: {CSI 2101, Discrete Structures, University of Ottawa}},
	publisher={University of Ottawa},
	title={Inference Rules and Proof Methods},
	url={http://www.site.uottawa.ca/~lucia/courses/2101-10/},
	note={PDF URL \url{http://www.site.uottawa.ca/~lucia/courses/2101-10/lecturenotes/04InferenceRulesProofMethods.pdf}},
	volume={Winter 2010},
	number={04}
}

@InCollection{klement0000,
	author={Kevin C. Klement},
	title={Propositional logic},
	booktitle={Internet Encyclopedia of Philosophy},
	url={http://www.iep.utm.edu/prop-log/},
	publisher={University of Tennessee at Martin},
	note={Retrieved March 5, 2017}
}

@book{prawitz2006,
	author={Dag Prawitz},
	title={Natural deduction: A proof-theoretical study},
	year={2006},
	note={Originally published: Almqvist \& Wiksell, Stockholm, 1965},
	publisher={Dover},
	url={http://store.doverpublications.com/0486446557.html},
	isbn={978-0-486-44655-4}
}

@incollection{twer1981,
	author={von der Twer, Tassilo},
	title={Some remarks on the mathematical incompleteness of {P}eano's arithmetic found by {P}aris and {H}arrington},
	pages={157--174},
	year={1981},
	publisher={Springer--Verlag, New York},
	isbn={0-387-10849-1},
	booktitle={Lecture Notes in Mathematics, 872: Set Theory and Model Theory},
	editor={Ronald Bj\"orn Jensen and Alexander Prestel},
	note={Proceedings of an informal symposium on set theory and model theory held at Bonn, 1--3 June 1979}
}

@incollection{ph1,
	author={J. Paris and L. Harrington},
	title={A mathematical incompleteness in {P}eano arithmetic},
	booktitle={Handbook of Mathematical Logic},
	editor={Jon Barwise},
	pages={1133--1142},
	edition={Unknown},
	note={\cite[References, p.~174]{twer1981}}
}

@article{paris1978,
	author={J. Paris},
	title={Some independence results for {P}eano arithmetic},
	journal={The Journal of Symbolic Logic},
	volume={43},
	number={4},
	year={1978},
	pages={725--731},
	note={\cite[References, p.~174]{twer1981}}
}

@misc{fraenkel-photo,
	author={{Central Zionist Archives}},
	title={{Abraham Halevi Fraenkel}},
	note={The David B. Keidan Collection of Digital Images, Judaica Division, Widener Library, 
	\#JPCDPZA20598, Harvard-Littauer Judaica Endowment},
	url={http://via.lib.harvard.edu/via/deliver/deepLinkItem?recordId=olvwork485526&componentId=FHCL:3692065}
}

@article{hodges2017,
	author={Andrew Hodges},
	title={{Alan Turing}: Creator of modern computing},
	year={2017},
	journal={BBC --- iWonder},
	url={http://www.bbc.co.uk/timelines/z8bgr82},
	note={Photo source: Sherborne School Archives}
}

@article{mildenberger2014,
	author={Heike Mildenberger},
	title={{Ernst Zermelo and Freiburg}},
	year={2014},
	journal={Freiberg Institute for Advanced Studies, \foreignlanguage{german}{Albert--Ludwigs--Universität Freiberg}},
	url={http://home.mathematik.uni-freiburg.de/mildenberger/freiburg2014/zermelo.html},
	note={Photo source: \foreignlanguage{german}{Universitätsarchiv Zürich}
	(UAZ) AB.1.1165}
}

@incollection{cohen-mansfield2016,
	author={Jiska Cohen-Mansfield},
	title={Afterword: 1933--1965},
	booktitle={Recollections of a {J}ewish Mathematician in {G}ermany},
	chapter={7},
	pages={187},
	isbn={978-3-319-30845-6},
	publisher={\foreignlanguage{german}{Birkhäuser} (Springer)},
	year={2016},
	note={Autobiography by Abraham A. Fraenkel.  Translated by Allison Brown. Google Books URL \url{https://books.google.com/books?id=nudODQAAQBAJ}}
}

@misc{akshayhallur2014,
	author={Akshayhallur},
	year={2014},
	title={{File:Anonymous.jpg}},
	url={https://commons.wikimedia.org/wiki/File:Anonymous.png},
	note={Wikimedia Commons.  Used under license Creative Commons Attribution-Share Alike 3.0 Unported (CC BY 3.0) URL \url{https://creativecommons.org/licenses/by-sa/3.0/deed.en}}
}

@misc{volleyball-icon,
	author={{Online Web Fonts}},
	title={Volleyball {\Exercise} Free Icon},
	url={https://www.onlinewebfonts.com/icon/432427},
	year={2017},
	note={Used under license Creative Commons Attribution-Share Alike 3.0 Unported (CC BY 3.0) URL \url{https://creativecommons.org/licenses/by-sa/3.0/deed.en}}
}

@book{peano1901,
	author={Giuseppe Peano},
	title={Formulaire Math{\'e}matique},
	publisher={Gauthier--Villars, Paris},
	year={1901},
	url={https://openlibrary.org/works/OL15255022W/Formulaire_des_mathematiques},
	note={PDF URL \url{https://archive.org/download/formulairedesmat00pean/formulairedesmat00pean.pdf} French edition of \textit{Formulario Matematico}, first published in \textbf{Italian} in 1895.}
}

@misc{peano-photo,
	author={Materialscientist},
	title={{File:Giuseppe{{\textunderscore}}Peano.jpg}},
	note={Wikimedia Commons.  Noise reduction done on original undated photo with copyright almost certainly expired; assigned to public domain by artist/contributor},
	url={https://commons.wikimedia.org/wiki/File:Giuseppe_Peano.jpg},
	year={2011}
}

@misc{anon2012,
	author={AnonMoos and YassineMrabet and {Clipart Guru}},
	title={{File:Anonymous.svg}},
	note={Wikimedia Commons. Public domain},
	url={https://commons.wikimedia.org/wiki/File:Anonymous.svg},
	year={2012}
}


@misc{claymath,
	title={Clay Mathematics Institute},
	url={http://www.claymath.org/}
}

@misc{claymath-millenium-prize,
	title={The Millennium Prize Problem},
	publisher={Clay Mathematics Institute},
	year={2000},
	url={http://www.claymath.org/millennium-problems/millennium-prize-problems}
}

@misc{claymath-millennium-prize-rules,
	title={Rules for the Millennium Prizes},
	publisher={Clay Mathematics Institute},
	year={2000},
	url={http://www.claymath.org/millennium-problems/rules-millennium-prizes}
}

@misc{claymath-notes-on-rules,
	title={Notes on the Rules},
	url={http://www.claymath.org/millennium-problems-rules/notes-rules},
	publisher={Clay Mathematics Institute},
	year={2000}
}
	
@misc{claymath-publication-guidelines,
	url={http://www.claymath.org/millennium-problems-rules/publication-guidelines},
	title={Publication Guidelines},
	publisher={Clay Mathematics Institute},
	year={2000}	
}

@misc{claymath-pnp-problem-description,
	title={P vs NP Problem},
	publisher={Clay Mathematics Institute},
	url={http://www.claymath.org/millennium-problems/p-vs-np-problem},
	note={PDF URL \url{http://www.claymath.org/sites/default/files/pvsnp.pdf}}
}

@misc{deolalikar2010,
	title={$P\ne NP$},
	author={Vinay Deolalikar},
	url={http://citeseerx.ist.psu.edu/viewdoc/summary?doi=10.1.1.176.6883},
	note={PDF URL \url{http://citeseerx.ist.psu.edu/viewdoc/summary?doi=10.1.1.176.6883}},
	year={August 6, 2010},
	publisher={HP Research Labs}
}

@misc{asp2017,
	author={{Alaska State Troopers, D Detachment}},
	title={Fee-for-service criminal records and driving records},
	year={December 6, 2017},
	note={Posted in the office window, 1979 Peger Rd, Fairbanks, AK 99709 \url{tel:+1-907-451-5100}},
	url={https://dps.alaska.gov/AST/DDetachment/Home}
}

@misc{halberstadt1940,
	author={Max Halberstadt and {User:Lobo} and {User:Triggerhippie4}},
	title={{File:Sigmund Freud LIFE.jpg}},
	note={Photo of Sigmund Freud, 19th-century Austrian sexologist and psychoanalist},
	year={---1940, 2008, 2014},
	url={https://commons.wikimedia.org/wiki/File:Sigmund_Freud_LIFE.jpg}
}

@misc{unknown1909,
	author={Unknown and {User:Maris stella} and {User:Gilbertus} and {User:Viejo sabio} and {User:Materialscientist}},
	title={{File:Carl-Jung-mod.jpg}},
	year={1909, 2014},
	url={https://commons.wikimedia.org/wiki/File:Carl-Jung-mod.jpg},
	note={Photo of Carl Jung, 19th-century Austrian personality profiler and typologist}
}

@misc{jung-sig,
	author={Carl Jung and {User:Scewing}},
	title={File:Carl Jung signature.svg},
	year={December 9, 1939},
	url={https://commons.wikimedia.org/wiki/File:Carl_Jung_signature.svg}
}

@misc{jung-sig-src,
	author={Carl Jung},
	title={Typed letter on personal letterhead},
	year={December 9, 1939},
	note={Sold at auction, 2006 February Dallas Books, Autographs and Manuscripts Auction (New York City) \#626},
	url={https://historical.ha.com/itm/autographs/non-american/carl-jung-typed-letter-signed-c-j-jung-one-page-in-german-8-x-1125-personal-letterhead-zurich-december-9-1/a/626-26694.s}
}

@misc{freud-sig,
	author={Sigmund Freud and {User:Antonu}},
	title={File:FreudSignature.svg},
	url={https://commons.wikimedia.org/wiki/File:FreudSignature.svg},
	year={unknown}
}

@misc{freud-sig-src,
	author={Sigmund Freud and Chris Olds},
	title={Signed memorabilia},
	url={https://blogbeckett.wordpress.com/2009/07/23/preview-gallery-2009-upper-deck-prominent-cuts/},
	year={unknown}
}
	
@misc{blum2017,
	author={Norbert Blum},
	title={{A Solution of the P versus NP Problem}},
	url={https://arxiv.org/abs/1708.03486v1},
	year={August 14, 2017}
}

@misc{perelman2002,
	author={Grigori Perelman},
	title={The entropy formula for the {Ricci} flow and its geometric applications},
	year={November 11, 2002},
	url={https://arxiv.org/abs/math.DG/0211159}
}

@misc{perelman2003,
	author={Grigori Perelman},
	title={Ricci flow with surgery on three-manifolds},
	year={March 10, 2003},
	url={https://arxiv.org/abs/math.DG/0303109}
}

@misc{perelman2003-2,
	author={Grigori Perelman},
	title={Finite extinction time for the solutions to the {Ricci} flow on certain three-manifolds},
	year={July 17, 2003},
	url={https://arxiv.org/abs/math.DG/0307245}
}

@article{rianovosti2010,
      author={{RIA Novosti}},
      title={Russian math genius ignores \$1 million {Millennium} {Prize}},
      journal={Sputnik International},
      url={https://sputniknews.com/science/20100608159350481/},
      year={June 8, 2010}
}

